%YAML 1.1
%TAG !u! tag:unity3d.com,2011:
--- !u!1 &4396929205078879500
GameObject:
  m_ObjectHideFlags: 0
  m_CorrespondingSourceObject: {fileID: 0}
  m_PrefabInstance: {fileID: 0}
  m_PrefabAsset: {fileID: 0}
  serializedVersion: 6
  m_Component:
  - component: {fileID: 4396929205078879496}
  - component: {fileID: 6780125481818466863}
  - component: {fileID: 4396929205078879501}
  - component: {fileID: 2930115403455339565}
  m_Layer: 7
  m_Name: PickableGravityGun
  m_TagString: Untagged
  m_Icon: {fileID: 0}
  m_NavMeshLayer: 0
  m_StaticEditorFlags: 0
  m_IsActive: 1
--- !u!4 &4396929205078879496
Transform:
  m_ObjectHideFlags: 0
  m_CorrespondingSourceObject: {fileID: 0}
  m_PrefabInstance: {fileID: 0}
  m_PrefabAsset: {fileID: 0}
  m_GameObject: {fileID: 4396929205078879500}
  m_LocalRotation: {x: 0, y: 0, z: 0, w: 1}
  m_LocalPosition: {x: 0, y: 0, z: 0}
  m_LocalScale: {x: 2, y: 2, z: 1}
  m_Children:
  - {fileID: 3063164485480149182}
  m_Father: {fileID: 0}
  m_RootOrder: 0
  m_LocalEulerAnglesHint: {x: 0, y: 0, z: 0}
--- !u!70 &6780125481818466863
CapsuleCollider2D:
  m_ObjectHideFlags: 0
  m_CorrespondingSourceObject: {fileID: 0}
  m_PrefabInstance: {fileID: 0}
  m_PrefabAsset: {fileID: 0}
  m_GameObject: {fileID: 4396929205078879500}
  m_Enabled: 1
  m_Density: 1
  m_Material: {fileID: 0}
  m_IsTrigger: 0
  m_UsedByEffector: 0
  m_UsedByComposite: 0
  m_Offset: {x: 0, y: 0}
  m_Size: {x: 1.1844487, y: 0.4}
  m_Direction: 1
--- !u!50 &4396929205078879501
Rigidbody2D:
  serializedVersion: 4
  m_ObjectHideFlags: 0
  m_CorrespondingSourceObject: {fileID: 0}
  m_PrefabInstance: {fileID: 0}
  m_PrefabAsset: {fileID: 0}
  m_GameObject: {fileID: 4396929205078879500}
  m_BodyType: 0
  m_Simulated: 1
  m_UseFullKinematicContacts: 0
  m_UseAutoMass: 0
  m_Mass: 20
  m_LinearDrag: 0.9
  m_AngularDrag: 0.9
  m_GravityScale: 1
  m_Material: {fileID: 6200000, guid: b31ade4597cb8b14f90c16f8f29fd3d4, type: 2}
  m_Interpolate: 0
  m_SleepingMode: 1
  m_CollisionDetection: 0
  m_Constraints: 0
--- !u!114 &2930115403455339565
MonoBehaviour:
  m_ObjectHideFlags: 0
  m_CorrespondingSourceObject: {fileID: 0}
  m_PrefabInstance: {fileID: 0}
  m_PrefabAsset: {fileID: 0}
  m_GameObject: {fileID: 4396929205078879500}
  m_Enabled: 1
  m_EditorHideFlags: 0
  m_Script: {fileID: 11500000, guid: 1a5df5b71f7aead4ebb02095b3b886f5, type: 3}
  m_Name: 
  m_EditorClassIdentifier: 
  floatingTextPrefab: {fileID: 3295275056346673218, guid: b87edb90c64914c44a7b3780d8134290, type: 3}
  textPositionOffset: 1
  itemPrefab: {fileID: 650110402799737327, guid: e7eb315bef9e84e4eb92cdcc98ca33fe, type: 3}
--- !u!1001 &2421172355461459174
PrefabInstance:
  m_ObjectHideFlags: 0
  serializedVersion: 2
  m_Modification:
    m_TransformParent: {fileID: 4396929205078879496}
    m_Modifications:
    - target: {fileID: 800286904932392024, guid: 7fe6888ec6534f14b885ca4afef4c3b5, type: 3}
      propertyPath: m_RootOrder
      value: 0
      objectReference: {fileID: 0}
    - target: {fileID: 800286904932392024, guid: 7fe6888ec6534f14b885ca4afef4c3b5, type: 3}
      propertyPath: m_LocalPosition.x
      value: 0
      objectReference: {fileID: 0}
    - target: {fileID: 800286904932392024, guid: 7fe6888ec6534f14b885ca4afef4c3b5, type: 3}
      propertyPath: m_LocalPosition.y
      value: 0
      objectReference: {fileID: 0}
    - target: {fileID: 800286904932392024, guid: 7fe6888ec6534f14b885ca4afef4c3b5, type: 3}
      propertyPath: m_LocalPosition.z
      value: 0
      objectReference: {fileID: 0}
    - target: {fileID: 800286904932392024, guid: 7fe6888ec6534f14b885ca4afef4c3b5, type: 3}
      propertyPath: m_LocalRotation.w
      value: 1
      objectReference: {fileID: 0}
    - target: {fileID: 800286904932392024, guid: 7fe6888ec6534f14b885ca4afef4c3b5, type: 3}
      propertyPath: m_LocalRotation.x
      value: 0
      objectReference: {fileID: 0}
    - target: {fileID: 800286904932392024, guid: 7fe6888ec6534f14b885ca4afef4c3b5, type: 3}
      propertyPath: m_LocalRotation.y
      value: 0
      objectReference: {fileID: 0}
    - target: {fileID: 800286904932392024, guid: 7fe6888ec6534f14b885ca4afef4c3b5, type: 3}
      propertyPath: m_LocalRotation.z
      value: 0
      objectReference: {fileID: 0}
    - target: {fileID: 800286904932392024, guid: 7fe6888ec6534f14b885ca4afef4c3b5, type: 3}
      propertyPath: m_LocalEulerAnglesHint.x
      value: 0
      objectReference: {fileID: 0}
    - target: {fileID: 800286904932392024, guid: 7fe6888ec6534f14b885ca4afef4c3b5, type: 3}
      propertyPath: m_LocalEulerAnglesHint.y
      value: 0
      objectReference: {fileID: 0}
    - target: {fileID: 800286904932392024, guid: 7fe6888ec6534f14b885ca4afef4c3b5, type: 3}
      propertyPath: m_LocalEulerAnglesHint.z
      value: 0
      objectReference: {fileID: 0}
    - target: {fileID: 5567908433253955048, guid: 7fe6888ec6534f14b885ca4afef4c3b5, type: 3}
      propertyPath: m_Name
      value: SpriteAK
      objectReference: {fileID: 0}
    m_RemovedComponents: []
  m_SourcePrefab: {fileID: 100100000, guid: 7fe6888ec6534f14b885ca4afef4c3b5, type: 3}
--- !u!4 &3063164485480149182 stripped
Transform:
  m_CorrespondingSourceObject: {fileID: 800286904932392024, guid: 7fe6888ec6534f14b885ca4afef4c3b5, type: 3}
  m_PrefabInstance: {fileID: 2421172355461459174}
  m_PrefabAsset: {fileID: 0}
