%YAML 1.1
%TAG !u! tag:unity3d.com,2011:
--- !u!1 &650110402799737327
GameObject:
  m_ObjectHideFlags: 0
  m_CorrespondingSourceObject: {fileID: 0}
  m_PrefabInstance: {fileID: 0}
  m_PrefabAsset: {fileID: 0}
  serializedVersion: 6
  m_Component:
  - component: {fileID: 650110402799737325}
  - component: {fileID: 2835254534608099344}
  m_Layer: 0
  m_Name: ImpGranadeLauncer
  m_TagString: Untagged
  m_Icon: {fileID: 0}
  m_NavMeshLayer: 0
  m_StaticEditorFlags: 0
  m_IsActive: 1
--- !u!4 &650110402799737325
Transform:
  m_ObjectHideFlags: 0
  m_CorrespondingSourceObject: {fileID: 0}
  m_PrefabInstance: {fileID: 0}
  m_PrefabAsset: {fileID: 0}
  m_GameObject: {fileID: 650110402799737327}
  m_LocalRotation: {x: 0, y: 0, z: 0, w: 1}
  m_LocalPosition: {x: 0, y: 0, z: 0}
  m_LocalScale: {x: 2, y: 2, z: 1}
  m_Children:
  - {fileID: 5632360662930403476}
  m_Father: {fileID: 0}
  m_RootOrder: 0
  m_LocalEulerAnglesHint: {x: 0, y: 0, z: 0}
--- !u!114 &2835254534608099344
MonoBehaviour:
  m_ObjectHideFlags: 0
  m_CorrespondingSourceObject: {fileID: 0}
  m_PrefabInstance: {fileID: 0}
  m_PrefabAsset: {fileID: 0}
  m_GameObject: {fileID: 650110402799737327}
  m_Enabled: 1
  m_EditorHideFlags: 0
  m_Script: {fileID: 11500000, guid: 53c572dfe0c8824449ea5db53c1a2c69, type: 3}
  m_Name: 
  m_EditorClassIdentifier: 
  flipRotation: 0
  unlimitedFireRate: 0
  coolDown: 1
  currCoolDown: 0
  bulletPrefab: {fileID: 4396929205078879500, guid: 755df5ce8f07299469de49e1d2ad5887, type: 3}
  projectileSpeed: 30
--- !u!1 &5627002453198785575
GameObject:
  m_ObjectHideFlags: 0
  m_CorrespondingSourceObject: {fileID: 0}
  m_PrefabInstance: {fileID: 0}
  m_PrefabAsset: {fileID: 0}
  serializedVersion: 6
  m_Component:
  - component: {fileID: 2214863881238307010}
  m_Layer: 0
  m_Name: FireSpot
  m_TagString: Untagged
  m_Icon: {fileID: 0}
  m_NavMeshLayer: 0
  m_StaticEditorFlags: 0
  m_IsActive: 1
--- !u!4 &2214863881238307010
Transform:
  m_ObjectHideFlags: 0
  m_CorrespondingSourceObject: {fileID: 0}
  m_PrefabInstance: {fileID: 0}
  m_PrefabAsset: {fileID: 0}
  m_GameObject: {fileID: 5627002453198785575}
  m_LocalRotation: {x: 0, y: 0, z: 0, w: 1}
  m_LocalPosition: {x: 6.06, y: 0.807, z: 0}
  m_LocalScale: {x: 1, y: 1, z: 1}
  m_Children: []
  m_Father: {fileID: 5632360662930403476}
  m_RootOrder: 0
  m_LocalEulerAnglesHint: {x: 0, y: 0, z: 0}
--- !u!1001 &4985795525669153996
PrefabInstance:
  m_ObjectHideFlags: 0
  serializedVersion: 2
  m_Modification:
    m_TransformParent: {fileID: 650110402799737325}
    m_Modifications:
    - target: {fileID: 800286904932392024, guid: 07fb6098b5c9fac4cb9cc0a5bbb56d6d, type: 3}
      propertyPath: m_RootOrder
      value: 0
      objectReference: {fileID: 0}
    - target: {fileID: 800286904932392024, guid: 07fb6098b5c9fac4cb9cc0a5bbb56d6d, type: 3}
      propertyPath: m_LocalPosition.x
      value: 0
      objectReference: {fileID: 0}
    - target: {fileID: 800286904932392024, guid: 07fb6098b5c9fac4cb9cc0a5bbb56d6d, type: 3}
      propertyPath: m_LocalPosition.y
      value: 0
      objectReference: {fileID: 0}
    - target: {fileID: 800286904932392024, guid: 07fb6098b5c9fac4cb9cc0a5bbb56d6d, type: 3}
      propertyPath: m_LocalPosition.z
      value: 0
      objectReference: {fileID: 0}
    - target: {fileID: 800286904932392024, guid: 07fb6098b5c9fac4cb9cc0a5bbb56d6d, type: 3}
      propertyPath: m_LocalRotation.w
      value: 1
      objectReference: {fileID: 0}
    - target: {fileID: 800286904932392024, guid: 07fb6098b5c9fac4cb9cc0a5bbb56d6d, type: 3}
      propertyPath: m_LocalRotation.x
      value: 0
      objectReference: {fileID: 0}
    - target: {fileID: 800286904932392024, guid: 07fb6098b5c9fac4cb9cc0a5bbb56d6d, type: 3}
      propertyPath: m_LocalRotation.y
      value: 0
      objectReference: {fileID: 0}
    - target: {fileID: 800286904932392024, guid: 07fb6098b5c9fac4cb9cc0a5bbb56d6d, type: 3}
      propertyPath: m_LocalRotation.z
      value: 0
      objectReference: {fileID: 0}
    - target: {fileID: 800286904932392024, guid: 07fb6098b5c9fac4cb9cc0a5bbb56d6d, type: 3}
      propertyPath: m_LocalEulerAnglesHint.x
      value: 0
      objectReference: {fileID: 0}
    - target: {fileID: 800286904932392024, guid: 07fb6098b5c9fac4cb9cc0a5bbb56d6d, type: 3}
      propertyPath: m_LocalEulerAnglesHint.y
      value: 0
      objectReference: {fileID: 0}
    - target: {fileID: 800286904932392024, guid: 07fb6098b5c9fac4cb9cc0a5bbb56d6d, type: 3}
      propertyPath: m_LocalEulerAnglesHint.z
      value: 0
      objectReference: {fileID: 0}
    - target: {fileID: 5567908433253955048, guid: 07fb6098b5c9fac4cb9cc0a5bbb56d6d, type: 3}
      propertyPath: m_Name
      value: SpriteGrandeLauncher
      objectReference: {fileID: 0}
    m_RemovedComponents: []
  m_SourcePrefab: {fileID: 100100000, guid: 07fb6098b5c9fac4cb9cc0a5bbb56d6d, type: 3}
--- !u!4 &5632360662930403476 stripped
Transform:
  m_CorrespondingSourceObject: {fileID: 800286904932392024, guid: 07fb6098b5c9fac4cb9cc0a5bbb56d6d, type: 3}
  m_PrefabInstance: {fileID: 4985795525669153996}
  m_PrefabAsset: {fileID: 0}
